@misc{ ReportGuidelines,
       author = "Gultekin Ozsoyoglu",
       title = "EECS 395 Senior Project Guidelines",
       year = "2012" }